<?xml version="1.0" encoding="UTF-8"?>
<collection xmlns:xsi="http://www.w3.org/2001/XMLSchema-instance" xsi:schemaLocation="http://www.loc.gov/MARC21/slim http://www.loc.gov/standards/marcxml/schema/MARC21slim.xsd" xmlns="http://www.loc.gov/MARC21/slim">
<record>
  <leader>00682cam a2200181 u 4500</leader>
  <controlfield tag="001">643634</controlfield>
  <controlfield tag="003">NNC</controlfield>
  <controlfield tag="005">20151117190312.0</controlfield>
  <controlfield tag="008">880425q19001950ua |||||||||||||| ||ara||</controlfield>
  <datafield tag="035" ind1=" " ind2=" ">
    <subfield code="a">(OCoLC)60601229</subfield>
  </datafield>
  <datafield tag="035" ind1=" " ind2=" ">
    <subfield code="a">(OCoLC)ocm60601229</subfield>
  </datafield>
  <datafield tag="035" ind1=" " ind2=" ">
    <subfield code="a">(CStRLIN)NYCG88-B29338</subfield>
  </datafield>
  <datafield tag="035" ind1=" " ind2=" ">
    <subfield code="9">ACV0491CU</subfield>
  </datafield>
  <datafield tag="035" ind1=" " ind2=" ">
    <subfield code="a">(NNC)643634</subfield>
  </datafield>
  <datafield tag="130" ind1="0" ind2=" ">
    <subfield code="a">Sīrat Banī Hilāl.</subfield>
  </datafield>
  <datafield tag="245" ind1="1" ind2="0">
    <subfield code="a">Taghrībat Banī Hilāl wa-raḥīluhum ilá bilād al-gharb wa-ḥurūbuhum maʻa al-Zanātī Khalīfah wa-ma-jará lahum min al-hawādith al-laṭīfah al-ẓarīfah wa-al-hurūb al-hāʾilah al-mukhīfah.</subfield>
  </datafield>
  <datafield tag="260" ind1=" " ind2=" ">
    <subfield code="a">Miṣr :</subfield>
    <subfield code="b">Saʻīd ʻAlī al-Khuṣūṣī,</subfield>
    <subfield code="c">19--?</subfield>
  </datafield>
  <datafield tag="300" ind1=" " ind2=" ">
    <subfield code="a">536 p.</subfield>
  </datafield>
  <datafield tag="955" ind1=" " ind2=" ">
    <subfield code="b">CU59574127</subfield>
    <subfield code="d">off,glx</subfield>
    <subfield code="e">ME06329</subfield>
  </datafield>
</record>
</collection>